@phdthesis{salakhutdinov2009learning,
  title={Learning deep generative models},
  author={Salakhutdinov, Ruslan},
  year={2009},
  school={University of Toronto}
}

@article{tan2015optimally,
	title={Optimally adjusted mixture sampling and locally weighted histogram analysis},
	author={Tan, Zhiqiang},
	journal={Journal of Computational and Graphical Statistics},
	number={just-accepted},
	year={2015},
	publisher={Taylor \& Francis}
}

@inproceedings{gabrie2015training,
	title={Training Restricted Boltzmann Machine via theï¿¼ Thouless-Anderson-Palmer free energy},
	author={Gabri{\'e}, Marylou and Tramel, Eric W and Krzakala, Florent},
	booktitle={Advances in Neural Information Processing Systems},
	pages={640--648},
	year={2015}
}

@article{carlson2016partition,
	title={Partition Functions from Rao-Blackwellized Tempered Sampling},
	author={Carlson, David and Stinson, Patrick and Pakman, Ari and Paninski, Liam},
	journal={arXiv preprint arXiv:1603.01912},
	year={2016}
}

